@misc{kademlia,
	title  = {Kademlia: A Peer-to-peer Information System. Based on the XOR Metric},
	author = {P. Maymounkov and D. Mazières},
	note   = {\url{https://pdos.csail.mit.edu/~petar/papers/maymounkov-kademlia-lncs.pdf}},
	year   = {2002},
},

@misc{skademlia,
	title  = {S/Kademlia: A Practicable Approach Towards Secure Key-Based Routing},
	author = {I. Baumgart and S. Mies},
	note   = {\url{http://www.tm.uka.de/doc/SKademlia_2007.pdf}},
	year   = {2007},
}

@misc{bittorrent-protocol,
	title = {BEP 5: DHT Protocol},
	author = {Andrew Lowenstern and Arvid Norberg},
	note = {\url{http://www.bittorrent.org/beps/bep_0003.html}},
	year = {2017},
}

@misc{bittorrent-review,
	title = {Peer-to-peer networking with BitTorrent},
	author = {Jahn Arne Johnson and Lars Erik Karlsen and Sebjørn Sæther Birkeland},
	note = {\url{http://web.cs.ucla.edu/classes/cs217/05BitTorrent.pdf}},
	year = {2005}
}

@misc{ipfs,
	title = {IPFS - Content Addressed, Versioned, P2P File System (DRAFT 3)},
	author = {Juan Benet},
	note = {\url{https://ipfs.io/ipfs/QmR7GSQM93Cx5eAg6a6yRzNde1FQv7uL6X1o4k7zrJa3LX/ipfs.draft3.pdf}},
	year = {2014}
}

@misc{storj,
	title = {Storj, A Peer-to-Peer Cloud Storage Network},
	author = {Shawn Wilkinson and Tome Boshevski and Josh Brandoff and James Prestwich and Gordon Hall and Patrick Gerbes and Philip Hutchins and Chris Pollard},
	note = {\url{https://storj.io/storj.pdf}},
	year = {2016}
}

@misc{sia,
	title = {Sia: Simple Decentralized Storage},
	author = {David Vorick and Luke Champine},
	note = {\url{https://sia.tech/sia.pdf}},
	year = {2014}
}

@misc{filecoin,
	title = {Filecoin: A Decentralized Storage Network},
	author = {Juan Benet and Nicola Greco},
	note = {\url{https://filecoin.io/filecoin.pdf}},
	year = {2017}
}

@misc{bigchaindb,
	title = {BigchainDB: A Scaleable Blockchian Database},
	author = {Trent McConaghy and Rodolphe Marques and Andreas Müller and Dimitri De Jonghe and T. Troy McConaghy and Greg McMullen and Ryan Henderson and Sylvian Bellemare and Alberto Granzotto},
	note = {\url{https://github.com/bigchaindb/whitepaper}},
	year = {2016}
}

@misc{bigchaindb2,
	title = {BigchainDB 2.0: The Blockchain Database},
	note = {\url{https://www.bigchaindb.com/whitepaper/bigchaindb-whitepaper.pdf}},
	year = {2018}
}

@misc{swarm1,
	title = {swap, swear, and swindle: incentive system for swarm},
	author = {Viktor Trón and Aron Fischer and Daniel A Nagy and Zsolt Felföldi},
	note = {\url{http://swarm-gateways.net/bzz:/theswarm.eth/ethersphere/orange-papers/1/sw\%5E3.pdf}},
	year = {2016}
}

@misc{swarm2,
	title = {smash-proof: auditable storage for swarm secured by masked audit secret hash},
	author = {Viktor Trón and Aron Fischer and Daniel Varga},
	note = {\url{http://swarm-gateways.net/bzz:/theswarm.eth/ethersphere/orange-papers/2/smash.pdf}},
	year = {2016}
}
